@article{TypographicalCues,
    issn = {0022-0663},
    year = {1979},
    publisher = {American Psychological Association ({APA})},
    volume = {71},
    number = {2},
    pages = {197--206},
    author = {Lawrence T. Frase and Barry J. Schwartz},
    title = {Typographical cues that facilitate comprehension.},
    journal = {Journal of Educational Psychology}
}

@MastersThesis{DVORAKOVA2012,
	author = "DVOŘÁKOVÁ, Iveta",
	title = "Kouzlo psaného slova [online]",
	year = "2012 [cit. 2022-04-18]",
	type = "Diplomová práce", 
	school = "Jihočeská univerzita v Českých Budějovicích, Pedagogická fakulta",
	location = "České Budějovice, CZ",
    language = "czech",
	url = "https://theses.cz/id/4ojgbq/",
}

@MastersThesis{VACLAVKOVA2009,
	author = "VÁCLAVKOVÁ, Radka",
	title = "Historický vývoj psacího písma [online]",
	year = "2009 [cit. 2022-04-18]",
	type = "Diplomová práce", 
	school = "Jihočeská univerzita v Českých Budějovicích, Pedagogická fakulta",
	location = "České Budějovice, CZ",
    language = "czech",
	url = "https://theses.cz/id/j7sspl/",
}

@article{Typografia,
    author = {},
    journal = {Typografia: časopis pro technické a společenské otázky knihtiskařů},
    title = {},
    year = {1888-2014},
    location = {Praha},
    issn = {0322-9068},
    key = {Typografia},
}

@book{haley2012, 
    place = {Beverly, MA}, 
    title = {Typography, referenced: A comprehensive visual guide to the language, history, and practice of typography}, 
    publisher = {Rockport Publishers},
    author = {Haley, Allan}, 
    year = {2012}
}


@book{bringhurst2019, 
    place = {Vancouver}, 
    title = {The elements of typographic style}, 
    publisher = {Hartley \& Marks, Publishers}, 
    author = {Bringhurst, Robert}, 
    year = {2019}
}
    
@article{Archaeology,
    ISSN = {0003-8113},
    journal = {Archaeology},
    number = {3},
    pages = {26--33},
    publisher = {Archaeological Institute of America},
    author = {},
    title = {The World's Oldest Writing},
    volume = {69},
    year = {2016}
}

@Misc{TypografieaText,
    author = "KNYTL, Martin and ŠPRÁCHALOVÁ, Lucie",
    title = "Typografie a odborný text",
    pages = "201",
    year = "2020",
    cited = "18.\,4.\,2022",
    publisher = "Gaudeamus",
    url = {https://www.shorturl.at/fzJVX},
    note = {[vid. 2022-04-18]},
}

@misc{FontGuide, 
    title = {The ultimate guide on how to create a font},
    url = {https://www.vandelaydesign.com/how-to-create-a-font/},
    journal = {Vandelay Design},
    author = {Rocheleau, Jake},
    year = {2022},
    note = {[vid. 2022-04-18]}
}

@misc{TypographyPsychological, 
    title={Typography}, 
    url={https://healthyminded.co/typography/}, 
    journal={Healthy Minded | Guide To Psychological Health}, 
    author={Daria Costello},
    year={2019},
    note = {[vid. 2022-04-18]}
}
